<?xml version="1.0" encoding="UTF-8" ?><marc:collection xmlns:marc="http://www.loc.gov/MARC21/slim" xmlns:xsi="http://www.w3.org/2001/XMLSchema-instance" xsi:schemaLocation="http://www.loc.gov/MARC21/slim http://www.loc.gov/standards/marcxml/schema/MARC21slim.xsd">
<marc:record><marc:leader>04231aam a2200265   4500</marc:leader>
<marc:controlfield tag="001">a35967</marc:controlfield>
<marc:controlfield tag="003">aeadna</marc:controlfield>
<marc:controlfield tag="008">120430s1939    ua    oe  |  a000 0aara|u</marc:controlfield><marc:datafield tag="035" ind1=" " ind2=" "><marc:subfield code="a">(Sirsi) a35967</marc:subfield></marc:datafield><marc:datafield tag="040" ind1=" " ind2=" "><marc:subfield code="a">nal</marc:subfield><marc:subfield code="b">ara</marc:subfield><marc:subfield code="e">AACR2</marc:subfield></marc:datafield><marc:datafield tag="041" ind1="0" ind2=" "><marc:subfield code="a">ara</marc:subfield></marc:datafield><marc:datafield tag="043" ind1=" " ind2=" "><marc:subfield code="a">aw-----</marc:subfield></marc:datafield><marc:datafield tag="050" ind1=" " ind2="4"><marc:subfield code="a">DS49</marc:subfield><marc:subfield code="b">.A98 1939</marc:subfield></marc:datafield><marc:datafield tag="082" ind1=" " ind2=" "><marc:subfield code="a">910.4</marc:subfield><marc:subfield code="b">21</marc:subfield></marc:datafield><marc:datafield tag="100" ind1="1" ind2=" "><marc:subfield code="a">عزام، عبد الوهاب،</marc:subfield><marc:subfield code="d">1894-1959</marc:subfield></marc:datafield><marc:datafield tag="245" ind1="1" ind2="0"><marc:subfield code="a">رحلات/</marc:subfield><marc:subfield code="c">عبدالوهاب عزام</marc:subfield></marc:datafield><marc:datafield tag="260" ind1="3" ind2=" "><marc:subfield code="a">[القاهرة:</marc:subfield><marc:subfield code="b">مطبعة الرسالة]،</marc:subfield><marc:subfield code="c">1939م.</marc:subfield></marc:datafield><marc:datafield tag="300" ind1=" " ind2=" "><marc:subfield code="a">368 ص.:</marc:subfield><marc:subfield code="b">صور؛</marc:subfield><marc:subfield code="c">23سم.</marc:subfield></marc:datafield><marc:datafield tag="500" ind1=" " ind2=" "><marc:subfield code="a">نبذة من سيرة المؤلف: ولد عبد الوهاب عزام في 28 أغسطس عام 1894م بقرية تابعة لمركز العياط تسمى قرية الشوبك الغربي بمصر، لأسرة لها باع طويل ودور كبير في الفكر والسياسة ومقاومة الاحتلال الأنجليزي، فوالده الشيخ محمد حسن بك عزام كان يشغل منصب عضو مجلس شورى القوانين ثم الجمعية التشريعية، وأنتخب بعدها في أول مجلس نيابي بعد دستور 1923م.حصل عبد الوهاب عزام على درجة الليسانس في الآداب والفلسفة من الجامعة المصرية، اختير عبد الوهاب عزام بعد تخرجه ليكون إمامًا في السفارة المصرية بلندن، وهناك اطلع على ما يكتبه المستشرقون عن الإسلام و العالم الإسلامي ، وقرر أن يدرس اللغات الشرقية الإسلامية فالتحق بمدرسة اللغات الشرقية بلندن وحصل منها على درجة الماجستير في الأدب الفارسي في العام 1927م وكان موضوعها التصوف وفريد الدين العطار. عاد بعد ذلك إلى القاهرة ليعين مدرسًا بكلية الآداب جامعة القاهرة، وفي هذه الأثناء سجل رسالته للدكتوراه عن شاهنامه الفردوسي في الأدب الفارسي وحصل عليها في العام 1932م، ليترقى بعدها مدرسًا للغات الشرقية لكلية الآداب، ثم أستاذًا عام 1939م، ثم رئيسًا لقسم اللغة العربية واللغات الشرقية، ثم عميدًا لكلية الآداب في العام 1945م.  وفي العام 1947م بدأ عبد الوهاب عزام رحلته في السلك الدبلوماسي حيث عين سفير مصر في المملكة العربية السعودية، ثم سفيرًا في باكستان عام 1950م، ثم سفيرًا مرة أخرى في السعودية واليمن حتى عام 1954م، ومد له الرئيس جمال عبد الناصر فترة خدمته عامين ليتقاعد في العام 1956م.  بعدها رشحته المملكة العربية السعودية ليؤسس جامعة الملك سعود(جامعة الرياض سابقًا) ليظل يعمل بها مديرًا للجامعة حتى توفي في 18 يناير عام 1959م ودفن في مسجد عزام بحلوان.   وجدير بالذكر انه وخلال حياته العملية كأستاذ بالجامعة انتدب عبد الوهاب عزام مرتين للتدريس بجامعة بغداد، كما اختير عضوًا بمجمع اللغة العربية بالقاهرة عام 1949م، واختير أيضًا بالمجمع العلمي العربى بدمشق وبغداد وإيران، و حصل على النيشان العلمي من حكومة إيران عام 1935م، ووسام الأرز الوطني من الحكومة اللبنانية عام 1947م.</marc:subfield></marc:datafield><marc:datafield tag="500" ind1=" " ind2=" "><marc:subfield code="a">حالة الكتاب المادية جيدة.</marc:subfield></marc:datafield><marc:datafield tag="651" ind1=" " ind2=" "><marc:subfield code="a">العالم الإسلامي</marc:subfield><marc:subfield code="x">وصف ورحلات</marc:subfield></marc:datafield><marc:datafield tag="651" ind1=" " ind2="4"><marc:subfield code="a">بلاد الشام</marc:subfield><marc:subfield code="x">وصف ورحلات</marc:subfield></marc:datafield><marc:datafield tag="651" ind1=" " ind2="4"><marc:subfield code="a">إيران</marc:subfield><marc:subfield code="x">وصف ورحلات</marc:subfield></marc:datafield><marc:datafield tag="651" ind1=" " ind2="4"><marc:subfield code="a">العراق</marc:subfield><marc:subfield code="x">وصف ورحلات</marc:subfield></marc:datafield><marc:datafield tag="651" ind1=" " ind2="4"><marc:subfield code="a">تركيا</marc:subfield><marc:subfield code="x">وصف ورحلات</marc:subfield></marc:datafield><marc:datafield tag="999" ind1=" " ind2=" "><marc:subfield code="a">DS49 .A98 1939</marc:subfield><marc:subfield code="w">LC</marc:subfield><marc:subfield code="c">1</marc:subfield><marc:subfield code="i">30018000060427</marc:subfield><marc:subfield code="d">20/5/2021</marc:subfield><marc:subfield code="e">20/5/2021</marc:subfield><marc:subfield code="l">AV</marc:subfield><marc:subfield code="m">MAIN</marc:subfield><marc:subfield code="n">1</marc:subfield><marc:subfield code="r">Y</marc:subfield><marc:subfield code="s">Y</marc:subfield><marc:subfield code="t">NCIRC</marc:subfield><marc:subfield code="u">30/4/2012</marc:subfield><marc:subfield code="x">RAR</marc:subfield></marc:datafield></marc:record>
</marc:collection>
